%% This BibTeX bibliography file was created using BibDesk.
%% http://bibdesk.sourceforge.net/

%% Created for Yasuyuki Ozeki at 2020-07-27 09:08:26 +0900 


%% Saved with string encoding Unicode (UTF-8) 



@article{nyquist1928,
	Author = {Nyquist, H.},
	Date-Added = {2020-07-27 00:06:48 +0000},
	Date-Modified = {2020-07-27 09:08:20 +0900},
	Doi = {10.1103/PhysRev.32.110},
	Issue = {1},
	Journal = {Phys. Rev.},
	Month = {Jul},
	Numpages = {0},
	Pages = {110--113},
	Publisher = {American Physical Society},
	Title = {Thermal Agitation of Electric Charge in Conductors},
	Url = {https://link.aps.org/doi/10.1103/PhysRev.32.110},
	Volume = {32},
	Year = {1928},
	Bdsk-Url-1 = {https://link.aps.org/doi/10.1103/PhysRev.32.110},
	Bdsk-Url-2 = {http://dx.doi.org/10.1103/PhysRev.32.110}}

@book{adams1995hitchhiker,
	Author = {Adams, D.},
	Isbn = {9781417642595},
	Publisher = {San Val},
	Title = {The Hitchhiker's Guide to the Galaxy},
	Url = {http://books.google.com/books?id=W-xMPgAACAAJ},
	Year = {1995},
	Bdsk-Url-1 = {http://books.google.com/books?id=W-xMPgAACAAJ}}
